<collection xmlns="http://www.loc.gov/MARC21/slim">
<record>
  <leader>00707nam0a22001931i 450 </leader>
  <controlfield tag="001">IT\ICCU\CNCE\026469</controlfield>
  <controlfield tag="005">20000208000000.0</controlfield>
  <datafield tag="100" ind1=" " ind2=" ">
    <subfield code="a">19971016d1565        0itac0103    ba</subfield>
  </datafield>
  <datafield tag="101" ind1=" " ind2=" ">
    <subfield code="a">ITA</subfield>
  </datafield>
  <datafield tag="102" ind1=" " ind2=" ">
    <subfield code="a">IT</subfield>
  </datafield>
  <datafield tag="200" ind1="1" ind2=" ">
    <subfield code="a">Dialogo dell&apos; honore 1565 e 1563</subfield>
  </datafield>
  <datafield tag="210" ind1=" " ind2=" ">
    <subfield code="a">Venezia</subfield>
    <subfield code="c">De Ferrari</subfield>
    <subfield code="d">1565</subfield>
  </datafield>
  <datafield tag="215" ind1=" " ind2=" ">
    <subfield code="a">1 v.</subfield>
    <subfield code="d">8ʻ</subfield>
  </datafield>
  <datafield tag="620" ind1=" " ind2=" ">
    <subfield code="a">IT</subfield>
    <subfield code="d">Venezia</subfield>
  </datafield>
  <datafield tag="712" ind1="0" ind2="0">
    <subfield code="a">Giolito De Ferrari, Gabriele</subfield>
    <subfield code="3">IT\ICCU\CNCT\000033</subfield>
    <subfield code="4">650</subfield>
  </datafield>
  <datafield tag="791" ind1="0" ind2="0">
    <subfield code="a">Iolitus de Ferrariis, Gabriel</subfield>
    <subfield code="3">IT\ICCU\CNCT\003847</subfield>
    <subfield code="z">Giolito De Ferrari, Gabriele</subfield>
  </datafield>
  <datafield tag="791" ind1="0" ind2="0">
    <subfield code="a">Iolito de Ferrarii, Gabriel</subfield>
    <subfield code="3">IT\ICCU\CNCT\004885</subfield>
    <subfield code="z">Giolito De Ferrari, Gabriele</subfield>
  </datafield>
  <datafield tag="801" ind1=" " ind2="3">
    <subfield code="a">IT</subfield>
    <subfield code="b">ICCU</subfield>
    <subfield code="c">20201114</subfield>
  </datafield>
  <datafield tag="899" ind1=" " ind2=" ">
    <subfield code="a">Biblioteca della collegiata S. Pietro Apostolo. Broni</subfield>
    <subfield code="1">PV0012</subfield>
    <subfield code="2">ZPV 05</subfield>
  </datafield>
</record>
</collection>
